<?xml version="1.0" encoding="UTF-8"?><collection xmlns="http://www.loc.gov/MARC21/slim"><record><leader>00395nam--2200133-i-4500</leader><controlfield tag="001">000027620</controlfield><controlfield tag="002">20161230</controlfield><controlfield tag="005">20161230201036</controlfield><controlfield tag="008">060222s1000------------r-----000-0-eng-d</controlfield><datafield ind1=" " ind2=" " tag="080"><subfield code="a">621.374:621.3.078</subfield></datafield><datafield ind1=" " ind2=" " tag="100"><subfield code="a">Kirk, Donald Evan</subfield></datafield><datafield ind1=" " ind2=" " tag="245"><subfield code="a">Optimization of systems with pulse-width-modulated control. thesis</subfield></datafield><datafield ind1=" " ind2=" " tag="260"><subfield code="a">Ann Arbor, Michigan, University Microfilms, 1965. Iv+66p</subfield></datafield><datafield ind1=" " ind2=" " tag="852"><subfield code="a">28011</subfield></datafield></record></collection>